@techreport{cit:racket-lang,
  title       = {Reference: Racket},
  author      = {Matthew Flatt and PLT},
  number      = {PLT-TR-2010-1},
  institution = {PLT Inc.},
  year        = {2010},
  note        = {\url{http://racket-lang.org/tr1/}}
}

@misc{cit:haskell-lang,
	url = {\url{http://www.haskell.org/onlinereport/}},
	title = {Haskell 98 Language and Libraries, the Revised Report},
	year = {2002},
	month = {December},
}

@phdthesis{cit:blaise-language,
    author = {Keith A Bonawitz},
    title = {Composable Probabilistic Inference with {B}laise},
    school = {Massachusetts Institute of Technology},
    year = {2008},
}

@phdthesis{cit:shivers-thesis,
	author = {Olin Shivers},
	title = {Control-Flow Analysis of Higher-Order Languages},
	school = {Carnegie Mellon University},
	year = {1991},
}

@article{cit:winbugs-language,
	author = {David J. Lunn and Andrew Thomas and Nicky Best and David Spiegelhalter},
	title = {{WinBUGS} -- A {B}ayesian Modelling Framework: Concepts, Structure, and Extensibility},
	journal = {Statistics and Computing},
	volume = {10},
	number = {4},
	year = {2000},
	pages = {325-337},
}

@article{cit:winbugs-language-short,
	author = {David J. Lunn and Andrew Thomas and Nicky Best and David Spiegelhalter},
	title = {{WinBUGS} -- A {B}ayesian Modelling Framework},
	journal = {Statistics and Computing},
	volume = {10},
	number = {4},
	year = {2000},
}

@inproceedings{cit:church-language,
	author = {Noah D. Goodman and Vikash K. Mansinghka and Daniel M. Roy and Keith Bonawitz and Joshua B. Tenenbaum},
	title = {Church: a language for generative models},
	booktitle = {Uncertainty in Artificial Intelligence},
	year = {2008},
}

@inproceedings{cit:church-language-short,
	author = {Noah Goodman and Vikash Mansinghka and Daniel Roy and Keith Bonawitz and Joshua Tenenbaum},
	title = {Church: a language for generative models},
	booktitle = {Uncertainty in Artificial Intelligence},
	year = {2008},
}

@inproceedings{cit:koller-1997aaai-bayes-programs,
	author = {Daphne Koller and David McAllester and Avi Pfeffer},
	title = {Effective {B}ayesian Inference for Stochastic Programs},
	booktitle = {14th National Conference on Artificial Intelligence},
	year = {1997},
	month = {August},
	pages = {740-747},
}

@inproceedings{cit:koller-1997aaai-bayes-programs-short,
	author = {Daphne Koller and David McAllester and Avi Pfeffer},
	title = {Effective {B}ayesian Inference for Stochastic Programs},
	booktitle = {14th National Conference on Artificial Intelligence},
	year = {1997},
	month = {August},
}

@inproceedings{cit:blog-language,
	author = {Brian Milch and Bhaskara Marthi and Stuart Russell and David Sontag and Daniel L. Ong and Andrey Kolobov},
	title = {{BLOG}: Probabilistic Models with Unknown Objects},
	booktitle = {International Joint Conference on Artificial Intelligence}, 
	year = {2005},
	pages = {1352-1359},
}

@inproceedings{cit:blog-language-short,
	author = {Brian Milch and Bhaskara Marthi and Stuart Russell and David Sontag and Daniel Ong and Andrey Kolobov},
	title = {{BLOG}: Probabilistic Models with Unknown Objects},
	booktitle = {International Joint Conference on Artificial Intelligence}, 
	year = {2005},
}

@inproceedings{cit:ramsey-2002popl-stochastic,
	title = {Stochastic Lambda Calculus and Monads of Probability Distributions},
	author = {Norman Ramsey and Avi Pfeffer},
	booktitle = {Principles of Programming Languages},
	year = {2002},
	pages = {154-165},
}

@inproceedings{cit:ramsey-2002popl-stochastic-short,
	title = {Stochastic Lambda Calculus and Monads of Probability Distributions},
	author = {Norman Ramsey and Avi Pfeffer},
	booktitle = {Principles of Programming Languages},
	year = {2002},
}

@incollection{cit:pfeffer-2007chapter-ibal,
	title = {The Design and Implementation of {IBAL}: A General-Purpose Probabilistic Language},
	booktitle = {Statistical Relational Learning},
	author = {Avi Pfeffer},
	publisher = {{MIT} Press},
	year = {2007},
}
	editor = {L. Getoor and B. Taskar},

@article{cit:park-2008toplas-prob,
	title = {A Probabilistic Language based upon Sampling Functions},
	author = {Sungwoo Park and Frank Pfenning and Sebastian Thrun},
	journal = {Transactions on Programming Languages and Systems},
	year = {2008},
	volume = {31},
	number = {1},
}

@inproceedings{cit:kozen-1979fcs-prob-programs,
	author = {Dexter Kozen},
	title = {Semantics of Probabilistic Programs},
	booktitle = {Foundations of Computer Science},
	year = {1979},
	pages = {101-114},
}

@inproceedings{cit:kozen-1979fcs-prob-programs-short,
	author = {Dexter Kozen},
	title = {Semantics of Probabilistic Programs},
	booktitle = {Foundations of Computer Science},
	year = {1979},
}

@phdthesis{cit:jones-1990thesis,
	author = {Claire Jones},
	title = {Probabilistic Non-Determinism},
	school = {University of Edinburgh},
	year = {1990},
}

@phdthesis{cit:hurd-2002thesis,
	author = {Joe Hurd},
	title = {Formal Verification of Probabilistic Algorithms},
	school = {University of Cambridge},
	year = {2002},
}

@inproceedings{cit:kiselyov-2008uai-monolingual,
	author = {Oleg Kiselyov and {Chung-chieh} Shan},
	title = {Monolingual Probabilistic Programming Using Generalized Coroutines},
	booktitle = {Uncertainty in Artificial Intelligence},
	year = {2008},
}

@inproceedings{cit:gupta-1999popl-probcc,
	author = {Vineet Gupta and Radha Jagadeesan and Prakash Panangaden},
	title = {Stochastic processes as concurrent constraint programs},
	booktitle = {Proceedings of the 26th {ACM} Annual Symposium on Principles of Programming Languages},
	pages = {189-202},
	year = {1999},
}

@inproceedings{cit:sato-1995iclp-dist-semantics,
	author = {Taisuke Sato},
	title = {A Statistical Learning Method for Logic Programs with Distribution Semantics},
	booktitle = {Proceedings of the 12th International Conference on Logic Programming},
	pages = {715-729},
	year = {1995},
}

@incollection{cit:muggleton-1996-stochastic-logic,
	author = {Stephen H. Muggleton},
	title = {Stochastic Logic Programs},
	booktitle = {Advances in Inductive Logic Programming},
	pages = {254-264},
	publisher = {{IOS} Press},
	year = {1996},
}
	editor = {L. de Raedt},

@techreport{cit:page-1999tr-pagerank,
          number = {1999-66},
           month = {November},
          author = {Lawrence Page and Sergey Brin and Rajeev Motwani and Terry Winograd},
            note = {Previous number = SIDL-WP-1999-0120},
           title = {The PageRank Citation Ranking: Bringing Order to the Web.},
            type = {Technical Report},
       publisher = {Stanford InfoLab},
            year = {1999},
     institution = {Stanford InfoLab},
             url = {http://ilpubs.stanford.edu:8090/422/},
        abstract = {The importance of a Web page is an inherently subjective matter, which depends on the readers interests, knowledge and attitudes. But there is still much that can be said objectively about the relative importance of Web pages. This paper describes PageRank, a mathod for rating Web pages objectively and mechanically, effectively measuring the human interest and attention devoted to them. We compare PageRank to an idealized random Web surfer. We show how to efficiently compute PageRank for large numbers of pages. And, we show how to apply PageRank to search and to user navigation.}
}

@book{cit:norvig-1992book-lisp,
 author = {Peter Norvig},
 title = {Paradigms of Artificial Intelligence Programming: Case Studies in Common Lisp},
 year = {1992},
 isbn = {1558601910},
 publisher = {Morgan Kaufmann Publishers Inc.},
 address = {San Francisco, CA, USA},
 }

@book{cit:degroot-1970book-optimal-stats,
	AUTHOR = {Morris H. DeGroot},
	TITLE = {Optimal Statistical Decisions},
	PUBLISHER = {McGraw-Hill Book Company},
	ADDRESS = {New York, NY},
	YEAR = {1970},
	isbn = {07-016242-5},
	annote = {This is the best text on using {B}ayesian theory
to make optimal decisions. It serves as an introduction to the numerous
concepts and issues involved.},
}

@book{cit:degroot-2012book-probability,
  title={Probability and Statistics},
  author={DeGroot, M.H. and Schervish, M.J.},
  isbn={9780321500465},
  lccn={2010001486},
  year={2012},
  publisher={{A}ddison {W}esley Publishing Company, Inc.},
}

@book{cit:russel-2003book-ai,
	author = {Russell, Stuart  J.  and Norvig, Peter  },
	isbn = {0137903952},
	keywords = {ai, books},
	priority = {2},
	publisher = {Pearson Education},
	title = {Artificial Intelligence: A Modern Approach},
	url = {http://portal.acm.org/citation.cfm?id=773294},
	year = {2003}
}

@article{cit:mcbride-2008jfp-idiom,
	title = {Applicative Programming With Effects},
	author = {Conor McBride and Ross Paterson},
	journal = {Journal of Functional Programming},
	year = {2008},
	volume = {18},
	number = {1},
}

@incollection{cit:wadler-2001-monads,
	title = {Monads for Functional Programming},
	author = {Philip Wadler},
	year = {2001},
	booktitle = {Advanced Functional Programming},
	editor = {J. Jeuring and E. Meijer},
}

@inproceedings{cit:moggi-1989lics-monads,
	title = {Computational Lambda-Calculus and Monads},
	author = {Eugenio Moggi},
	year = {1989},
	booktitle = {{IEEE} Symposium on Logic in Computer Science},
	pages = {14--23},
}

@misc{cit:conor-2010-personal,
	author = {Conor McBride},
	howpublished = {Personal communication},
	year = {2010},
}

@inproceedings{cit:toronto-2009cvpr,
	title = {Super-Resolution via Recapture and {B}ayesian Effect Modeling},
	author = {Neil Toronto and Bryan S. Morse and Kevin Seppi and Dan Ventura},
	booktitle = {Computer Vision and Pattern Recognition},
	year = {2009},
}

@article{cit:mateescu-2008amai,
	title = {Mixed Deterministic and Probabilistic Networks},
	author = {Robert Mateescu and Rina Dechter},
	journal = {Annals of Mathematics and Artificial Intelligence},
	vol = {54},
	year = {2008},
}

@misc{cit:dybvig-2004-macro,
	title = {The guaranteed optimization clause of the macro-writerâ€™s bill of rights},
	author = {R. Kent Dybvig},
	howpublished = {http://video.google.com/videoplay?docid=-6899972066795135270},
	year = {2004},
}

@phdthesis{cit:tobin-2010diss,
	title = {Typed Scheme: From Scripts to Programs},
	author = {Sam Tobin-Hochstadt},
	school = {Northeastern University},
	year = {2010},
}

@phdthesis{cit:culpepper-2010diss,
	title = {Refining Syntactic Sugar: Tools for Supporting Macro Development},
	author = {Ryan Culpepper},
	school = {Northeastern University},
	year = {2010},
	note = {To Appear},
}

@misc{cit:noah-2008-personal,
	author = {Noah D. Goodman},
	howpublished = {Personal communication},
	year = {2008},
}

@manual{cit:R-manual,
	title        = {R: A Language and Environment for Statistical Computing},
	author       = {{R Development Core Team}},
	organization = {R Foundation for Statistical Computing},
	address      = {Vienna, Austria},
	year         = 2009,
	note         = {{ISBN} 3-900051-07-0},
	url          = {http://www.R-project.org}
}

@article{cit:rabin-1977jnt-prime,
	title = {Probabilistic algorithm for testing primality},
	author = {Michael O. Rabin},
	journal = {Journal of Number Theory},
	year = {1977},
	volume = {12},
	number = {1},
}

@article{cit:solovay-1977jc-prime,
	title = {A fast {M}onte-{C}arlo test for primality},
	author = {R. Solovay and V. Strassen},
	journal = {{SIAM} Journal of Computing},
	volume = {6},
	pages = {84-85},
	year = {1977},
}

@incollection{cit:karp-1976-tsp,
	title = {The probabilistic analysis of some combinatorial search algorithms},
	author = {R. M. Karp},
	booktitle = {Algorithms and Complexity},
	publisher = {Academic Press},
	year = {1976},
	pages = {1-20},
}
	editor = {J. F. Traub},

@article{cit:rubinstein-1999-ce,
	title = {The Cross-Entropy Method for Combinatorial and Continuous Optimization},
	author = {Reuven Rubinstein},
	journal = {Methodology and Computing in Applied Probability},
	volume = {1},
	number = {2},
	pages = {127-190},
	year = {1999},
}

@inproceedings{cit:sahami-1998aaai-spam,
	title = {A {B}ayesian Approach to Filtering Junk E-Mail},
	author = {Mehran Sahami and Susan Dumais and David Heckerman and Eric Horvitz},
	booktitle = {{AAAI} Workshop on Learning for Text Categorization},
	year = {1998},
}

@inproceedings{cit:smith-2005cvpr-mcmctrack,
	title = {Using Particles to Track Varying Numbers of Objects},
	author = {K. Smith and D. Gatica-Perez and J. M. Odobez},
	booktitle = {Computer Vision and Pattern Recognition},
	year = {2005},
}

@book{cit:grimmett-2001-doob-martingale,
	title = {Probability and Random Processes},
	author = {Geoffrey Grimmett and David Stirzaker},
	year = {2001},
	publisher = {Oxford University Press},
	pages = {484},
}

@book{cit:nahin-book,
	title = {Duelling Idiots and Other Probability Puzzlers},
	author = {Paul J. Nahin},
	year = {2000},
	publisher = {Princeton University Press}
}

@misc{cit:ackerman-2010tr-cond-prob,
	title = {On the computability of conditional probability},
	author = {Nathanael L. Ackerman and Cameron E. Freer and Daniel M. Roy},
	year = {2010},
	archivePrefix = {arXiv},
	eprint = {1005.3014v1},
	primaryClass = {math.LO},
	note = {Technical report},
	howpublished = {\url{http://arxiv.org/abs/1005.3014}},
}

@inproceedings{cit:toronto-2010ifl-bayes,
	title = {From {B}ayesian Notation to Pure {R}acket, via measure-theoretic probability in {$\lambda_{\mathrm{ZFC}}$}},
	author = {Neil Toronto and Jay McCarthy},
	booktitle = {Implementation and Application of Functional Languages},
	year = {2010},
}

@inproceedings{cit:findler-1998icfp-units,
	title = {Modular Object-Oriented Programming with Units and Mixins},
	author = {Robert Bruce Findler and Matthew Flatt},
	year = {1998},
	booktitle = {{ACM SIGPLAN} International Conference on Functional Programming},
}

@inproceedings{cit:johnsson-1985cfp-lifting,
    author = {Thomas Johnsson},
    title = {Lambda Lifting: Transforming Programs to Recursive Equations},
    booktitle = {Conference on Functional Programming Languages and Computer Architecture},
    year = {1985},
    pages = {190--203},
}

@misc{cit:gordon-2001-hol,
    author = {Mike Gordon},
    title = {HOL - A Machine Oriented Formulation of Higher Order Logic},
    year = {2001},
}

@MISC{cit:gordon-1996-holst,
  author = {Mike Gordon},
  title = {Higher Order Logic, Set Theory or Both?},
  year = {1996},
  note = {Invited talk, TPHOLs, Turku, Finland}
}

@ARTICLE{cit:paulson-1993-settheory-i,
    author = {Lawrence C. Paulson},
    title = {Set theory for verification: {I.} {F}rom foundations to functions},
    journal = {Journal of Automated Reasoning},
    year = {1993},
    volume = {11},
    pages = {353--389},
}

@ARTICLE{cit:paulson-1995-settheory-ii,
    author = {L. C. Paulson},
    title = {Set theory for verification: {II.} {I}nduction and Recursion},
    journal = {Journal of Automated Reasoning},
    year = {1995},
    volume = {15},
    pages = {167--215},
}

@inproceedings{cit:turing,
	author = {Alan M. Turing},
	title = {On computable numbers, with an application to the {E}ntscheidungsproblem},
	booktitle = {Proceedings of the London Mathematical Society},
	volume = {42},
	year = {1936},
	pages = {230--265},
}

@article{cit:ord-2006-hypercomp,
	author = {Toby Ord},
	title = {The Many Forms of Hypercomputation},
	journal = {Applied Mathematics and Computation},
	volume = {178},
	year = {2006},
	pages = {143--153},
}

@article{cit:kennaway-1996-inf-lc,
	author = {Richard Kennaway and Jan Willem Klop and M. Ronan Sleep and Fer-jan De Vries},
	title = {Infinitary Lambda Calculus},
	journal = {Theoretical Computer Science},
	volume = {175},
	year = {1997},
	pages = {93--125},
}

@article{cit:barras-2010-sets-coq,
	author = {Bruno Barras},
	title = {Sets in {C}oq, {C}oq in Sets},
	journal = {Journal of Formalized Reasoning},
	year = {2010},
	volume = {3},
	number = {1},
}

@inproceedings{cit:werner-1997-sets-types,
    author = {Benjamin Werner},
    title = {Sets in Types, Types in Sets},
    booktitle = {TACS'97},
    year = {1997},
    pages = {530--546},
}

@Manual{cit:coq-manual,
  title =        {The Coq proof assistant reference manual},
  author =       {\mbox{The Coq development team}},
  organization = {LogiCal Project},
  note =         {Version 8.0},
  year =         {2004},
  url =          "http://coq.inria.fr"
}

@inproceedings{leivant-1994-hol,
    author = {Daniel Leivant},
    title = {Higher Order Logic},
    booktitle = {In Handbook of Logic in Artificial Intelligence and Logic Programming},
    year = {1994},
    pages = {229--321},
    publisher = {Clarendon Press},
}

@book{cit:book-coqart,
  author       = "Bertot, Yves and Cast\'eran, Pierre",
  title        = "Interactive Theorem Proving and Program Development. Coq'Art: The Calculus of Inductive Constructions",
  series       = "Texts in Theoretical Computer Science",
  year         = "2004",
  publisher    = "Springer Verlag",
  url          = "http://www.labri.fr/publications/l3a/2004/BC04"
}

@article{cit:oconnor-2007-real-numbers,
  author = {Russel O'Connor},
  title = {A monadic, functional implementation of real numbers},
  journal = {Mathematical Structures in Computer Science},
  year = {2007},
  volume = {17},
  issue = {1},
  pages = {129--159},
}

@inproceedings{cit:oconnor-2008-real-numbers,
  AUTHOR = {Russell O'Connor},
  TITLE = {Certified Exact Transcendental Real Number Computation in {C}oq},
  booktitle = {TPHOLs'08},
  PAGES = {246--261},
  YEAR = {2008}
}

@article{cit:berline-1997-mt,
  author =     {C. Berline and K. Grue},
  title =     {A $\kappa$-denotational semantics for {M}ap {T}heory in {ZFC+SI}},
  journal =     {Theoretical Computer Science},
  year =     {1997},
  volume =     {179},
  number =     {1--2},
  pages =     {137--202},
}

@article{cit:myhill-1989-efl,
  author =     {R. C. Flagg and J. Myhill},
  title =     {A type-free system extending {ZFC}},
  journal =     {Annals of Pure and Applied Logic},
  year =     {1989},
  volume =     {43},
  pages =     {79--97},
}

@inproceedings{cit:toronto-2012flops-lzfc,
  author = {Neil Toronto and Jay Mc{C}arthy},
  title = {Computing in {C}antor's Paradise With {$\lambda_{\mathrm{ZFC}}$}},
  booktitle = {Functional and Logic Programming Symposium (FLOPS)},
  year = {2012},
  pages = {290--306},
}

@inproceedings{cit:hughes-2005afp-arrows,
	author = {John Hughes},
	title = {Programming with Arrows},
	booktitle = {5th International Summer School on Advanced Functional Programming},
	year = {2005},
	pages = {73--129},
}

@inproceedings{cit:hughes-2000scp-arrows,
	author = {John Hughes},
	title = {Generalizing Monads to Arrows},
	booktitle = {Science of Computer Programming},
	volume = {37},
	pages = {67--111},
	year = {2000},
}

@article{cit:lindley-2010jfp-arrow-calculus,
	author = {Sam Lindley and Philip Wadler and Jeremy Yallop},
	title = {The arrow calculus},
	journal = {Journal of Functional Programming},
	year = {2010},
	pages = {51--69},
	volume = {20},
	issue = {1},
}

@article{cit:lindley-2008entcs-idiom-arrow-monad,
	author = {Sam Lindley and Philip Wadler and Jeremy Yallop},
	title = {Idioms are oblivious, arrows are meticulous, monads are promiscuous},
	journal = {Electronic Notes in Theoretical Computer Science},
	year = {2008},
}

@article{cit:aumann-1961ijm-borel,
	author = {Robert J. Aumann},
	title = {{B}orel structures for function spaces},
	journal = {Illinois Journal of Mathematics},
	volume = {5},
	issue = {4},
	year = {1961},
	pages = {614--630}
}

@book{cit:klenke-2006-probability,
	title = {Probability Theory: A Comprehensive Course},
	author = {Achim Klenke},
	year = {2006},
	publisher = {Springer},
	isbn = {978-1-84800-047-6},
}

@inproceedings{cit:abramsky-1990rtfp-bisimilarity,
    author = {Samson Abramsky},
    title = {The Lazy Lambda Calculus},
    booktitle = {Research Topics in Functional Programming},
    year = {1990},
    pages = {65--116},
    publisher = {Addison-Wesley}
}

@incollection{cit:sangiorgi-2007fse-bisimilarity,
	year={2007},
	isbn={978-3-540-75697-2},
	booktitle={International Symposium on Fundamentals of Software Engineering},
	volume={4767},
	series={Lecture Notes in Computer Science},
	editor={Arbab, Farhad and Sirjani, Marjan},
	doi={10.1007/978-3-540-75698-9_24},
	title={Logical Bisimulations and Functional Languages},
	url={http://dx.doi.org/10.1007/978-3-540-75698-9_24},
	publisher={Springer Berlin Heidelberg},
	author={Sangiorgi, Davide and Kobayashi, Naoki and Sumii, Eijiro},
	pages={364--379},
}

@inproceedings{cit:tobin-hochstadt-2008popl-typed-scheme,
	title = {The Design and Implementation of Typed {S}cheme},
	author = {Sam Tobin-Hochstadt and Matthias Felleisen},
	year = {2008},
	booktitle = {Principles of Programming Languages},
}

@inproceedings{cit:chakravarty-2005popl-type-families,
	title = {Associated Types with Class},
	author = {Manuel M. T. Chakravarty and Gabriele Keller and Simon Peyton Jones and Simon Marlow},
	booktitle = {Principles of Programming Languages},
	year = {2005},
	pages = {1--13},
}

@inproceedings{cit:hofmann-2012popl-edit-lenses,
	author = {Martin Hofmann and Benjamin C. Pierce and and Daniel Wagner},
	title = {Edit Lenses},
	year = {2012},
	booktitle = {Principles of Programming Languages},
}

@incollection{cit:hanus-2007lp-multi-paradigm,
	year={2007},
	booktitle={Logic Programming},
	title={Multi-paradigm Declarative Languages},
	author={Hanus, Michael},
	pages={45--75}
}

@article{cit:kearfott-1996eb-interval,
    author = {R. B. Kearfott},
    title = {Interval Computations: Introduction, Uses, and Resources},
    journal = {Euromath Bulletin},
    year = {1996},
    volume = {2},
    pages = {95--112},
}

@inproceedings{cit:borgstrom-2011esop-measure-transformer,
	author = {Johannes Borgstr\"om and Andrew D. Gordon and Michael Greenberg and James Margetson and Jurgen Van Gael},
	title = {Measure Transformer Semantics for {B}ayesian Machine Learning},
	booktitle = {European Symposium on Programming},
	year = {2011},
}
Ìˆ

@inproceedings{cit:bhat-2013etaps-densities,
	author = {Sooraj Bhat and Johannes Borgstr\"om and Andrew D. Gordon and Claudio Russo},
	title = {Deriving probability density functions from probabilistic functional programs},
	booktitle = {Tools and Algorithms for the Construction and Analysis of Systems},
	year = {2013},
}

@inproceedings{cit:wingate-2011ais-lightweight,
	author = {David Wingate and Andreas Stuhlm\"uller and Noah D. Goodman},
	title = {Lightweight implementations of probabilistic programming languages via transformational compilation},
	booktitle = {Artificial Intelligence and Statistics},
	year = {2011},
}

@inproceedings{cit:wingate-2011nips-nonstandard,
	author = {David Wingate and Noah D. Goodman and Andreas Stuhlm\"uller and Jeffrey M. Siskind},
	title = {Nonstandard interpretations of probabilistic programs for efficient inference},
	booktitle = {Neural Information Processing Systems},
	year = {2011},
}

@inproceedings{cit:cousot-1977popl-abstract-interpretation,
	author = {Patrick Cousot and Radhia Cousot},
	title = {Abstract interpretation: a unified lattice model for static analysis of programs by construction or approximation of fixpoints},
	booktitle = {Principles of Programming Languages},
	year = {1977},
	pages = {238--252},
}
